<!DOCTYPE html>
<meta charset="utf-8" />
<!-- version 1 -->
<title>[Gen 9] Custom Game replay: CamelotDragonite vs. KingFlames</title>
<style>
html,body {font-family:Verdana, sans-serif;font-size:10pt;margin:0;padding:0;}body{padding:12px 0;} .battle-log {font-family:Verdana, sans-serif;font-size:10pt;} .battle-log-inline {border:1px solid #AAAAAA;background:#EEF2F5;color:black;max-width:640px;margin:0 auto 80px;padding-bottom:5px;} .battle-log .inner {padding:4px 8px 0px 8px;} .battle-log .inner-preempt {padding:0 8px 4px 8px;} .battle-log .inner-after {margin-top:0.5em;} .battle-log h2 {margin:0.5em -8px;padding:4px 8px;border:1px solid #AAAAAA;background:#E0E7EA;border-left:0;border-right:0;font-family:Verdana, sans-serif;font-size:13pt;} .battle-log .chat {vertical-align:middle;padding:3px 0 3px 0;font-size:8pt;} .battle-log .chat strong {color:#40576A;} .battle-log .chat em {padding:1px 4px 1px 3px;color:#000000;font-style:normal;} .chat.mine {background:rgba(0,0,0,0.05);margin-left:-8px;margin-right:-8px;padding-left:8px;padding-right:8px;} .spoiler {color:#BBBBBB;background:#BBBBBB;padding:0px 3px;} .spoiler:hover, .spoiler:active, .spoiler-shown {color:#000000;background:#E2E2E2;padding:0px 3px;} .spoiler a {color:#BBBBBB;} .spoiler:hover a, .spoiler:active a, .spoiler-shown a {color:#2288CC;} .chat code, .chat .spoiler:hover code, .chat .spoiler:active code, .chat .spoiler-shown code {border:1px solid #C0C0C0;background:#EEEEEE;color:black;padding:0 2px;} .chat .spoiler code {border:1px solid #CCCCCC;background:#CCCCCC;color:#CCCCCC;} .battle-log .rated {padding:3px 4px;} .battle-log .rated strong {color:white;background:#89A;padding:1px 4px;border-radius:4px;} .spacer {margin-top:0.5em;} .message-announce {background:#6688AA;color:white;padding:1px 4px 2px;} .message-announce a, .broadcast-green a, .broadcast-blue a, .broadcast-red a {color:#DDEEFF;} .broadcast-green {background-color:#559955;color:white;padding:2px 4px;} .broadcast-blue {background-color:#6688AA;color:white;padding:2px 4px;} .infobox {border:1px solid #6688AA;padding:2px 4px;} .infobox-limited {max-height:200px;overflow:auto;overflow-x:hidden;} .broadcast-red {background-color:#AA5544;color:white;padding:2px 4px;} .message-learn-canlearn {font-weight:bold;color:#228822;text-decoration:underline;} .message-learn-cannotlearn {font-weight:bold;color:#CC2222;text-decoration:underline;} .message-effect-weak {font-weight:bold;color:#CC2222;} .message-effect-resist {font-weight:bold;color:#6688AA;} .message-effect-immune {font-weight:bold;color:#666666;} .message-learn-list {margin-top:0;margin-bottom:0;} .message-throttle-notice, .message-error {color:#992222;} .message-overflow, .chat small.message-overflow {font-size:0pt;} .message-overflow::before {font-size:9pt;content:'...';} .subtle {color:#3A4A66;}
</style>
<div class="wrapper replay-wrapper" style="max-width:1180px;margin:0 auto">
<input type="hidden" name="replayid" value="gen9customgame-2002149136" />
<div class="battle"></div><div class="battle-log"></div><div class="replay-controls"></div><div class="replay-controls-2"></div>
<h1 style="font-weight:normal;text-align:center"><strong>[Gen 9] Custom Game</strong><br /><a href="http://pokemonshowdown.com/users/camelotdragonite" class="subtle" target="_blank">CamelotDragonite</a> vs. <a href="http://pokemonshowdown.com/users/kingflames" class="subtle" target="_blank">KingFlames</a></h1>
<script type="text/plain" class="battle-log-data">|j|☆CamelotDragonite
|j|☆KingFlames

|t:|1701390544
|gametype|singles
|player|p1|CamelotDragonite|steven|
|player|p2|KingFlames|169|
|teamsize|p1|6
|teamsize|p2|6
|gen|9
|tier|[Gen 9] Custom Game
|clearpoke
|poke|p1|Kilowattrel, M|
|poke|p1|Dragonite, F|
|poke|p1|Quagsire, M|
|poke|p1|Enamorus, F|
|poke|p1|Dragalge, F|
|poke|p1|Quaquaval, F|
|poke|p2|Lopunny, F|
|poke|p2|Chien-Pao|
|poke|p2|Torkoal, M|
|poke|p2|Walking Wake|
|poke|p2|Sandy Shocks|
|poke|p2|Scream Tail|
|teampreview
|inactive|Battle timer is ON: inactive players will automatically lose when time's up. (requested by KingFlames)
|inactive|Time left: 300 sec this turn | 300 sec total | 60 sec grace
|c|☆CamelotDragonite|glhf
|inactiveoff|Battle timer is now OFF.
|
|t:|1701390571
|start
|switch|p1a: Saber|Dragonite, F|386\/386
|switch|p2a: Lopunny|Lopunny, F|287\/287
|turn|1
|
|t:|1701390581
|switch|p1a: Astolfo|Quagsire, M|394\/394
|detailschange|p2a: Lopunny|Lopunny-Mega, F
|-mega|p2a: Lopunny|Lopunny|Lopunnite
|move|p2a: Lopunny|Fake Out|p1a: Astolfo
|-damage|p1a: Astolfo|330\/394
|
|-heal|p1a: Astolfo|354\/394|[from] item: Leftovers
|upkeep
|turn|2
|
|t:|1701390604
|switch|p2a: Torkoal|Torkoal, M|344\/344
|-weather|SunnyDay|[from] ability: Drought|[of] p2a: Torkoal
|move|p1a: Astolfo|Stealth Rock|p2a: Torkoal
|-sidestart|p2: KingFlames|move: Stealth Rock
|
|-weather|SunnyDay|[upkeep]
|-heal|p1a: Astolfo|378\/394|[from] item: Leftovers
|upkeep
|turn|3
|
|t:|1701390615
|switch|p1a: Saber|Dragonite, F|386\/386
|move|p2a: Torkoal|Stealth Rock|p1a: Saber
|-sidestart|p1: CamelotDragonite|move: Stealth Rock
|
|-weather|SunnyDay|[upkeep]
|upkeep
|turn|4
|
|t:|1701390620
|move|p1a: Saber|Fire Spin|p2a: Torkoal
|debug|Sunny Day fire boost
|-resisted|p2a: Torkoal
|-damage|p2a: Torkoal|318\/344
|-activate|p2a: Torkoal|move: Fire Spin|[of] p1a: Saber
|move|p2a: Torkoal|Will-O-Wisp|p1a: Saber
|-status|p1a: Saber|brn
|
|-weather|SunnyDay|[upkeep]
|-damage|p1a: Saber|362\/386 brn|[from] brn
|-damage|p2a: Torkoal|275\/344|[from] move: Fire Spin|[partiallytrapped]
|upkeep
|turn|5
|
|t:|1701390630
|move|p1a: Saber|Earthquake|p2a: Torkoal
|-supereffective|p2a: Torkoal
|-damage|p2a: Torkoal|202\/344
|move|p2a: Torkoal|Rapid Spin|p1a: Saber
|-crit|p1a: Saber
|-damage|p1a: Saber|317\/386 brn
|-boost|p2a: Torkoal|spe|1
|-sideend|p2: KingFlames|Stealth Rock|[from] move: Rapid Spin|[of] p2a: Torkoal
|-end|p2a: Torkoal|Fire Spin|[partiallytrapped]
|
|-weather|SunnyDay|[upkeep]
|-damage|p1a: Saber|293\/386 brn|[from] brn
|upkeep
|turn|6
|
|t:|1701390640
|switch|p2a: Walking Wake|Walking Wake|342\/342
|-activate|p2a: Walking Wake|ability: Protosynthesis
|-start|p2a: Walking Wake|protosynthesisspe
|debug|Protosynthesis spe boost
|move|p1a: Saber|Earthquake|p2a: Walking Wake
|-damage|p2a: Walking Wake|272\/342
|
|debug|Protosynthesis spe boost
|-weather|SunnyDay|[upkeep]
|-damage|p1a: Saber|269\/386 brn|[from] brn
|upkeep
|turn|7
|c|☆CamelotDragonite|didn't know that removed fire spin:(
|c|☆KingFlames|neither did i
|c|☆CamelotDragonite|this was my torkoal killer:(
|c|☆CamelotDragonite|sad
|c|☆CamelotDragonite|it worked in testing lol
|debug|Protosynthesis spe boost
|debug|Protosynthesis spe boost
|
|t:|1701390680
|debug|Protosynthesis spe boost
|debug|Protosynthesis spe boost
|move|p1a: Saber|Extreme Speed|p2a: Walking Wake
|-damage|p2a: Walking Wake|218\/342
|debug|Protosynthesis spe boost
|debug|Protosynthesis spe boost
|move|p2a: Walking Wake|Dragon Pulse|p1a: Saber
|-supereffective|p1a: Saber
|-damage|p1a: Saber|0 fnt
|faint|p1a: Saber
|-damage|p2a: Walking Wake|184\/342|[from] item: Life Orb
|
|debug|Protosynthesis spe boost
|-weather|SunnyDay|[upkeep]
|upkeep
|debug|Protosynthesis spe boost
|
|t:|1701390703
|switch|p1a: Semiramis|Dragalge, F|334\/334
|-damage|p1a: Semiramis|293\/334|[from] Stealth Rock
|turn|8
|debug|Protosynthesis spe boost
|debug|Protosynthesis spe boost
|
|t:|1701390739
|debug|Protosynthesis spe boost
|debug|Protosynthesis spe boost
|move|p2a: Walking Wake|Draco Meteor|p1a: Semiramis|[miss]
|-miss|p2a: Walking Wake|p1a: Semiramis
|debug|Protosynthesis spe boost
|move|p1a: Semiramis|Draco Meteor|p2a: Walking Wake
|-supereffective|p2a: Walking Wake
|-damage|p2a: Walking Wake|0 fnt
|-unboost|p1a: Semiramis|spa|2
|faint|p2a: Walking Wake
|-end|p2a: Walking Wake|Protosynthesis|[silent]
|
|-weather|SunnyDay|[upkeep]
|upkeep
|
|t:|1701390758
|switch|p2a: Chien-Pao|Chien-Pao|327\/327
|-ability|p2a: Chien-Pao|Sword of Ruin
|turn|9
|
|t:|1701390768
|switch|p1a: Quetzalcoatl|Quaquaval, F|347\/347
|-damage|p1a: Quetzalcoatl|326\/347|[from] Stealth Rock
|move|p2a: Chien-Pao|Ice Spinner|p1a: Quetzalcoatl
|debug|Sword of Ruin Def drop
|-resisted|p1a: Quetzalcoatl
|-damage|p1a: Quetzalcoatl|229\/347
|
|-weather|none
|-heal|p1a: Quetzalcoatl|250\/347|[from] item: Leftovers
|upkeep
|turn|10
|
|t:|1701390783
|switch|p2a: Scream Tail|Scream Tail|415\/415
|move|p1a: Quetzalcoatl|Aqua Step|p2a: Scream Tail
|-damage|p2a: Scream Tail|282\/415
|-boost|p1a: Quetzalcoatl|spe|1
|
|-heal|p1a: Quetzalcoatl|271\/347|[from] item: Leftovers
|upkeep
|turn|11
|
|t:|1701390800
|switch|p1a: Semiramis|Dragalge, F|293\/334
|-damage|p1a: Semiramis|252\/334|[from] Stealth Rock
|move|p2a: Scream Tail|Dazzling Gleam|p1a: Semiramis
|-crit|p1a: Semiramis
|-damage|p1a: Semiramis|195\/334
|
|upkeep
|turn|12
|
|t:|1701390813
|-end|p2a: Scream Tail|Protosynthesis|[silent]
|switch|p2a: Torkoal|Torkoal, M|202\/344
|-weather|SunnyDay|[from] ability: Drought|[of] p2a: Torkoal
|move|p1a: Semiramis|Flip Turn|p2a: Torkoal
|debug|Sunny Day water suppress
|-supereffective|p2a: Torkoal
|-damage|p2a: Torkoal|184\/344
|
|t:|1701390831
|switch|p1a: Caren (Amor)|Enamorus, F|289\/289|[from] Flip Turn
|-damage|p1a: Caren (Amor)|217\/289|[from] Stealth Rock
|
|-weather|SunnyDay|[upkeep]
|upkeep
|turn|13
|
|t:|1701390838
|switch|p2a: Scream Tail|Scream Tail|282\/415
|-activate|p2a: Scream Tail|ability: Protosynthesis
|-start|p2a: Scream Tail|protosynthesisspd
|move|p1a: Caren (Amor)|Earth Power|p2a: Scream Tail
|debug|Protosynthesis spd boost
|-damage|p2a: Scream Tail|224\/415
|
|-weather|SunnyDay|[upkeep]
|upkeep
|turn|14
|
|t:|1701390856
|switch|p1a: Astolfo|Quagsire, M|378\/394
|-damage|p1a: Astolfo|354\/394|[from] Stealth Rock
|move|p2a: Scream Tail|Wish|p2a: Scream Tail
|
|-weather|SunnyDay|[upkeep]
|-heal|p1a: Astolfo|378\/394|[from] item: Leftovers
|upkeep
|turn|15
|
|t:|1701390869
|-end|p2a: Scream Tail|Protosynthesis|[silent]
|switch|p2a: Sandy Shocks|Sandy Shocks|311\/311
|-activate|p2a: Sandy Shocks|ability: Protosynthesis
|-start|p2a: Sandy Shocks|protosynthesisspe
|debug|Protosynthesis spe boost
|move|p1a: Astolfo|Toxic|p2a: Sandy Shocks
|-status|p2a: Sandy Shocks|tox
|
|debug|Protosynthesis spe boost
|-weather|SunnyDay|[upkeep]
|-heal|p1a: Astolfo|394\/394|[from] item: Leftovers
|-damage|p2a: Sandy Shocks|292\/311 tox|[from] psn
|upkeep
|turn|16
|debug|Protosynthesis spe boost
|debug|Protosynthesis spe boost
|debug|Protosynthesis spe boost
|
|t:|1701390920
|-terastallize|p2a: Sandy Shocks|Grass
|debug|Protosynthesis spe boost
|debug|Protosynthesis spe boost
|move|p2a: Sandy Shocks|Tera Blast|p1a: Astolfo|[anim] Tera Blast Grass
|-supereffective|p1a: Astolfo
|-damage|p1a: Astolfo|0 fnt
|faint|p1a: Astolfo
|-damage|p2a: Sandy Shocks|261\/311 tox|[from] item: Life Orb
|debug|Protosynthesis spe boost
|
|debug|Protosynthesis spe boost
|-weather|SunnyDay|[upkeep]
|-damage|p2a: Sandy Shocks|223\/311 tox|[from] psn
|upkeep
|c:|1701390984|☆KingFlames|.
|debug|Protosynthesis spe boost
|
|t:|1701391042
|switch|p1a: Caren (Amor)|Enamorus, F|217\/289
|-damage|p1a: Caren (Amor)|145\/289|[from] Stealth Rock
|turn|17
|debug|Protosynthesis spe boost
|debug|Protosynthesis spe boost
|
|t:|1701391083
|-end|p2a: Sandy Shocks|Protosynthesis|[silent]
|switch|p2a: Scream Tail|Scream Tail|224\/415
|-activate|p2a: Scream Tail|ability: Protosynthesis
|-start|p2a: Scream Tail|protosynthesisspd
|move|p1a: Caren (Amor)|Moonblast|p2a: Scream Tail
|debug|Protosynthesis spd boost
|-damage|p2a: Scream Tail|130\/415
|
|-weather|SunnyDay|[upkeep]
|upkeep
|turn|18
|
|t:|1701391091
|move|p1a: Caren (Amor)|Moonblast|p2a: Scream Tail
|debug|Protosynthesis spd boost
|-damage|p2a: Scream Tail|36\/415
|move|p2a: Scream Tail|Ice Beam|p1a: Caren (Amor)
|-supereffective|p1a: Caren (Amor)
|-damage|p1a: Caren (Amor)|3\/289
|
|-weather|SunnyDay|[upkeep]
|upkeep
|turn|19
|
|t:|1701391097
|move|p1a: Caren (Amor)|Moonblast|p2a: Scream Tail
|debug|Protosynthesis spd boost
|-damage|p2a: Scream Tail|0 fnt
|faint|p2a: Scream Tail
|-end|p2a: Scream Tail|Protosynthesis|[silent]
|
|-weather|none
|upkeep
|
|t:|1701391102
|switch|p2a: Lopunny|Lopunny-Mega, F|287\/287
|turn|20
|
|t:|1701391112
|move|p2a: Lopunny|Fake Out|p1a: Caren (Amor)
|-damage|p1a: Caren (Amor)|0 fnt
|debug|move failed because it did nothing
|faint|p1a: Caren (Amor)
|
|upkeep
|
|t:|1701391120
|switch|p1a: Quetzalcoatl|Quaquaval, F|271\/347
|-damage|p1a: Quetzalcoatl|250\/347|[from] Stealth Rock
|turn|21
|
|t:|1701391127
|switch|p2a: Torkoal|Torkoal, M|184\/344
|-weather|SunnyDay|[from] ability: Drought|[of] p2a: Torkoal
|move|p1a: Quetzalcoatl|Aqua Step|p2a: Torkoal
|debug|Sunny Day water suppress
|-supereffective|p2a: Torkoal
|-damage|p2a: Torkoal|112\/344
|-boost|p1a: Quetzalcoatl|spe|1
|
|-weather|SunnyDay|[upkeep]
|-heal|p1a: Quetzalcoatl|271\/347|[from] item: Leftovers
|upkeep
|turn|22
|
|t:|1701391153
|move|p1a: Quetzalcoatl|Aqua Step|p2a: Torkoal
|debug|Sunny Day water suppress
|-supereffective|p2a: Torkoal
|-damage|p2a: Torkoal|46\/344
|-boost|p1a: Quetzalcoatl|spe|1
|move|p2a: Torkoal|Will-O-Wisp|p1a: Quetzalcoatl
|-status|p1a: Quetzalcoatl|brn
|
|-weather|SunnyDay|[upkeep]
|-heal|p1a: Quetzalcoatl|292\/347 brn|[from] item: Leftovers
|-damage|p1a: Quetzalcoatl|271\/347 brn|[from] brn
|upkeep
|turn|23
|
|t:|1701391163
|move|p1a: Quetzalcoatl|Aqua Step|p2a: Torkoal
|debug|Sunny Day water suppress
|-supereffective|p2a: Torkoal
|-damage|p2a: Torkoal|7\/344
|-boost|p1a: Quetzalcoatl|spe|1
|move|p2a: Torkoal|Lava Plume|p1a: Quetzalcoatl
|debug|Sunny Day fire boost
|-resisted|p1a: Quetzalcoatl
|-damage|p1a: Quetzalcoatl|188\/347 brn
|
|-weather|SunnyDay|[upkeep]
|-heal|p1a: Quetzalcoatl|209\/347 brn|[from] item: Leftovers
|-damage|p1a: Quetzalcoatl|188\/347 brn|[from] brn
|upkeep
|turn|24
|
|t:|1701391171
|move|p1a: Quetzalcoatl|Roost|p1a: Quetzalcoatl
|-heal|p1a: Quetzalcoatl|347\/347 brn
|-singleturn|p1a: Quetzalcoatl|move: Roost
|move|p2a: Torkoal|Lava Plume|p1a: Quetzalcoatl
|debug|Sunny Day fire boost
|-resisted|p1a: Quetzalcoatl
|-damage|p1a: Quetzalcoatl|270\/347 brn
|
|-weather|SunnyDay|[upkeep]
|-heal|p1a: Quetzalcoatl|291\/347 brn|[from] item: Leftovers
|-damage|p1a: Quetzalcoatl|270\/347 brn|[from] brn
|upkeep
|turn|25
|
|t:|1701391227
|switch|p2a: Sandy Shocks|Sandy Shocks, tera:Grass|223\/311 tox
|-activate|p2a: Sandy Shocks|ability: Protosynthesis
|-start|p2a: Sandy Shocks|protosynthesisspe
|debug|Protosynthesis spe boost
|move|p1a: Quetzalcoatl|Ice Spinner|p2a: Sandy Shocks
|-supereffective|p2a: Sandy Shocks
|-damage|p2a: Sandy Shocks|139\/311 tox
|
|debug|Protosynthesis spe boost
|-weather|SunnyDay|[upkeep]
|-heal|p1a: Quetzalcoatl|291\/347 brn|[from] item: Leftovers
|-damage|p2a: Sandy Shocks|120\/311 tox|[from] psn
|-damage|p1a: Quetzalcoatl|270\/347 brn|[from] brn
|upkeep
|turn|26
|debug|Protosynthesis spe boost
|debug|Protosynthesis spe boost
|
|t:|1701391264
|switch|p1a: Tesla|Kilowattrel, M|281\/281
|-damage|p1a: Tesla|211\/281|[from] Stealth Rock
|debug|Protosynthesis spe boost
|debug|Protosynthesis spe boost
|move|p2a: Sandy Shocks|Tera Blast|p1a: Tesla|[anim] Tera Blast Grass
|-resisted|p1a: Tesla
|-damage|p1a: Tesla|75\/281
|-damage|p2a: Sandy Shocks|89\/311 tox|[from] item: Life Orb
|
|debug|Protosynthesis spe boost
|-weather|SunnyDay|[upkeep]
|-damage|p2a: Sandy Shocks|51\/311 tox|[from] psn
|upkeep
|turn|27
|debug|Protosynthesis spe boost
|debug|Protosynthesis spe boost
|
|t:|1701391315
|-terastallize|p1a: Tesla|Water
|debug|Protosynthesis spe boost
|debug|Protosynthesis spe boost
|move|p1a: Tesla|Volt Switch|p2a: Sandy Shocks
|-resisted|p2a: Sandy Shocks
|-damage|p2a: Sandy Shocks|0 fnt
|faint|p2a: Sandy Shocks
|-end|p2a: Sandy Shocks|Protosynthesis|[silent]
|
|t:|1701391336
|switch|p1a: Semiramis|Dragalge, F|195\/334|[from] Volt Switch
|-damage|p1a: Semiramis|154\/334|[from] Stealth Rock
|
|-weather|SunnyDay|[upkeep]
|upkeep
|
|t:|1701391356
|switch|p2a: Chien-Pao|Chien-Pao|327\/327
|-ability|p2a: Chien-Pao|Sword of Ruin
|turn|28
|
|t:|1701391361
|move|p2a: Chien-Pao|Ice Spinner|p1a: Semiramis
|debug|Sword of Ruin Def drop
|-supereffective|p1a: Semiramis
|-damage|p1a: Semiramis|0 fnt
|faint|p1a: Semiramis
|
|-weather|none
|upkeep
|
|t:|1701391369
|switch|p1a: Quetzalcoatl|Quaquaval, F|270\/347 brn
|-damage|p1a: Quetzalcoatl|249\/347 brn|[from] Stealth Rock
|turn|29
|
|t:|1701391373
|move|p2a: Chien-Pao|Psychic Fangs|p1a: Quetzalcoatl
|debug|Sword of Ruin Def drop
|-supereffective|p1a: Quetzalcoatl
|-damage|p1a: Quetzalcoatl|0 fnt
|faint|p1a: Quetzalcoatl
|
|upkeep
|
|t:|1701391379
|switch|p1a: Tesla|Kilowattrel, M, tera:Water|75\/281
|-damage|p1a: Tesla|40\/281|[from] Stealth Rock
|turn|30
|c|☆CamelotDragonite|gg
|c|☆KingFlames|gg
|
|t:|1701391385
|move|p2a: Chien-Pao|Ice Shard|p1a: Tesla
|debug|Sword of Ruin Def drop
|-resisted|p1a: Tesla
|-damage|p1a: Tesla|0 fnt
|faint|p1a: Tesla
|
|win|KingFlames</script>
</div>
<div class="battle-log battle-log-inline"><div class="inner"><div class="battle-options"><div style="padding-top: 3px; padding-right: 3px; text-align: right"><button class="icon button" name="openBattleOptions" title="Options">Battle Options</button></div></div><div class="inner message-log"><div class="chat"><small>☆CamelotDragonite and ☆KingFlames joined</small></div><div class=""><small>Format:</small> <br><strong>[Gen 9] Custom Game</strong></div><div class="chat battle-history"><strong>CamelotDragonite's team:</strong> <em style="color:#445566;display:block;">Kilowattrel / Dragonite / Quagsire / Enamorus / Dragalge / Quaquaval</em></div><div class="chat battle-history"><strong>KingFlames's team:</strong> <em style="color:#445566;display:block;">Lopunny / Chien-Pao / Torkoal / Walking Wake / Sandy Shocks / Scream Tail</em></div><div class="chat message-error">Battle timer is ON: inactive players will automatically lose when time's up. (requested by KingFlames)</div><div class="chat chatmessage-camelotdragonite"><strong style="color:#34a71a"><small>☆</small><span class="username" data-name="CamelotDragonite">CamelotDragonite</span>:</strong> <em>glhf</em></div><div class="chat message-error">Battle timer is now OFF.</div><div class="spacer battle-history"><br></div><div class="battle-history">Battle started between CamelotDragonite and KingFlames!<br></div><div class="spacer battle-history"><br></div><div class="battle-history">CamelotDragonite sent out Saber (<strong>Dragonite</strong>)!<br></div><div class="spacer battle-history"><br></div><div class="battle-history">Go! <strong>Lopunny</strong>!<br></div><div class="spacer battle-history"><br></div><h2 class="battle-history">Turn 1</h2><div class="spacer battle-history"><br></div><div class="battle-history">CamelotDragonite withdrew Saber!<br></div><div class="battle-history">CamelotDragonite sent out Astolfo (<strong>Quagsire</strong>)!<br></div><div class="spacer battle-history"><br></div><div class="battle-history"><small>Lopunny's Lopunnite is reacting to the Key Stone!</small><br>Lopunny has Mega Evolved into Mega Lopunny!<br></div><div class="spacer battle-history"><br></div><div class="battle-history">Lopunny used <strong>Fake Out</strong>!<br></div><div class="battle-history"><small>(The opposing Astolfo lost <abbr title="−64/394">16.2%</abbr> of its health!)</small><br></div><div class="spacer battle-history"><br></div><div class="battle-history"><small>The opposing Astolfo restored a little HP using its Leftovers!</small><br></div><div class="spacer battle-history"><br></div><h2 class="battle-history">Turn 2</h2><div class="spacer battle-history"><br></div><div class="battle-history">Lopunny, come back!<br></div><div class="battle-history">Go! <strong>Torkoal</strong>!<br></div><div class="battle-history">[Torkoal's Drought]<br><small>The sunlight turned harsh!</small><br></div><div class="spacer battle-history"><br></div><div class="battle-history">The opposing Astolfo used <strong>Stealth Rock</strong>!<br></div><div class="battle-history"><small>Pointed stones float in the air around your team!</small><br></div><div class="spacer battle-history"><br></div><div class="battle-history"><small>(The sunlight is strong.)</small><br></div><div class="battle-history"><small>The opposing Astolfo restored a little HP using its Leftovers!</small><br></div><div class="spacer battle-history"><br></div><h2 class="battle-history">Turn 3</h2><div class="spacer battle-history"><br></div><div class="battle-history">CamelotDragonite withdrew Astolfo!<br></div><div class="battle-history">CamelotDragonite sent out Saber (<strong>Dragonite</strong>)!<br></div><div class="spacer battle-history"><br></div><div class="battle-history">Torkoal used <strong>Stealth Rock</strong>!<br></div><div class="battle-history"><small>Pointed stones float in the air around the opposing team!</small><br></div><div class="spacer battle-history"><br></div><div class="battle-history"><small>(The sunlight is strong.)</small><br></div><div class="spacer battle-history"><br></div><h2 class="battle-history">Turn 4</h2><div class="spacer battle-history"><br></div><div class="battle-history">The opposing Saber used <strong>Fire Spin</strong>!<br></div><div class="debug"><div class="chat"><small style="color:#999">[DEBUG] Sunny Day fire boost.</small></div></div><div class="battle-history"><small>It's not very effective...</small><br></div><div class="battle-history"><small>(Torkoal lost <abbr title="−26/344">7.6%</abbr> of its health!)</small><br></div><div class="battle-history"><small>Torkoal became trapped in the fiery vortex!</small><br></div><div class="spacer battle-history"><br></div><div class="battle-history">Torkoal used <strong>Will-O-Wisp</strong>!<br></div><div class="battle-history"><small>The opposing Saber was burned!</small><br></div><div class="spacer battle-history"><br></div><div class="battle-history"><small>(The sunlight is strong.)</small><br></div><div class="battle-history"><small>The opposing Saber was hurt by its burn!</small><br></div><div class="battle-history"><small>Torkoal is hurt by Fire Spin!</small><br></div><div class="spacer battle-history"><br></div><h2 class="battle-history">Turn 5</h2><div class="spacer battle-history"><br></div><div class="battle-history">The opposing Saber used <strong>Earthquake</strong>!<br></div><div class="battle-history"><small>It's super effective!</small><br></div><div class="battle-history"><small>(Torkoal lost <abbr title="−73/344">21.2%</abbr> of its health!)</small><br></div><div class="spacer battle-history"><br></div><div class="battle-history">Torkoal used <strong>Rapid Spin</strong>!<br></div><div class="battle-history"><small>A critical hit!</small><br></div><div class="battle-history"><small>(The opposing Saber lost <abbr title="−45/386">11.7%</abbr> of its health!)</small><br></div><div class="battle-history"><small>Torkoal's Speed rose!</small><br></div><div class="battle-history"><small>The pointed stones disappeared from around your team!</small><br></div><div class="battle-history"><small>Torkoal was freed from Fire Spin!</small><br></div><div class="spacer battle-history"><br></div><div class="battle-history"><small>(The sunlight is strong.)</small><br></div><div class="battle-history"><small>The opposing Saber was hurt by its burn!</small><br></div><div class="spacer battle-history"><br></div><h2 class="battle-history">Turn 6</h2><div class="spacer battle-history"><br></div><div class="battle-history">Torkoal, come back!<br></div><div class="battle-history">Go! <strong>Walking Wake</strong>!<br></div><div class="battle-history">[Walking Wake's Protosynthesis]<br><small>The harsh sunlight activated Walking Wake's Protosynthesis!</small><br></div><div class="battle-history"><small>Walking Wake's Speed was heightened!</small><br></div><div class="debug"><div class="chat"><small style="color:#999">[DEBUG] Protosynthesis spe boost.</small></div></div><div class="spacer battle-history"><br></div><div class="battle-history">The opposing Saber used <strong>Earthquake</strong>!<br></div><div class="battle-history"><small>(Walking Wake lost <abbr title="−70/342">20.5%</abbr> of its health!)</small><br></div><div class="debug"><div class="chat"><small style="color:#999">[DEBUG] Protosynthesis spe boost.</small></div></div><div class="spacer battle-history"><br></div><div class="battle-history"><small>(The sunlight is strong.)</small><br></div><div class="battle-history"><small>The opposing Saber was hurt by its burn!</small><br></div><div class="spacer battle-history"><br></div><h2 class="battle-history">Turn 7</h2><div class="chat chatmessage-camelotdragonite"><strong style="color:#34a71a"><small>☆</small><span class="username" data-name="CamelotDragonite">CamelotDragonite</span>:</strong> <em>didn't know that removed fire spin:(</em></div><div class="chat chatmessage-kingflames mine"><strong style="color:#3ca87b"><small>☆</small><span class="username" data-name="KingFlames">KingFlames</span>:</strong> <em>neither did i</em></div><div class="chat chatmessage-camelotdragonite"><strong style="color:#34a71a"><small>☆</small><span class="username" data-name="CamelotDragonite">CamelotDragonite</span>:</strong> <em>this was my torkoal killer:(</em></div><div class="chat chatmessage-camelotdragonite"><strong style="color:#34a71a"><small>☆</small><span class="username" data-name="CamelotDragonite">CamelotDragonite</span>:</strong> <em>sad</em></div><div class="chat chatmessage-camelotdragonite"><strong style="color:#34a71a"><small>☆</small><span class="username" data-name="CamelotDragonite">CamelotDragonite</span>:</strong> <em>it worked in testing lol</em></div><div class="debug"><div class="chat"><small style="color:#999">[DEBUG] Protosynthesis spe boost.</small></div></div><div class="debug"><div class="chat"><small style="color:#999">[DEBUG] Protosynthesis spe boost.</small></div></div><div class="debug"><div class="chat"><small style="color:#999">[DEBUG] Protosynthesis spe boost.</small></div></div><div class="debug"><div class="chat"><small style="color:#999">[DEBUG] Protosynthesis spe boost.</small></div></div><div class="spacer battle-history"><br></div><div class="battle-history">The opposing Saber used <strong>Extreme Speed</strong>!<br></div><div class="battle-history"><small>(Walking Wake lost <abbr title="−54/342">15.8%</abbr> of its health!)</small><br></div><div class="debug"><div class="chat"><small style="color:#999">[DEBUG] Protosynthesis spe boost.</small></div></div><div class="debug"><div class="chat"><small style="color:#999">[DEBUG] Protosynthesis spe boost.</small></div></div><div class="spacer battle-history"><br></div><div class="battle-history">Walking Wake used <strong>Dragon Pulse</strong>!<br></div><div class="battle-history"><small>It's super effective!</small><br></div><div class="battle-history"><small>(The opposing Saber lost <abbr title="−269/386">69.7%</abbr> of its health!)</small><br></div><div class="spacer battle-history"><br></div><div class="battle-history">The opposing Saber fainted!<br></div><div class="battle-history"><small>Walking Wake lost some of its HP!</small><br></div><div class="debug"><div class="chat"><small style="color:#999">[DEBUG] Protosynthesis spe boost.</small></div></div><div class="spacer battle-history"><br></div><div class="battle-history"><small>(The sunlight is strong.)</small><br></div><div class="debug"><div class="chat"><small style="color:#999">[DEBUG] Protosynthesis spe boost.</small></div></div><div class="spacer battle-history"><br></div><div class="battle-history">CamelotDragonite sent out Semiramis (<strong>Dragalge</strong>)!<br></div><div class="battle-history"><small>Pointed stones dug into the opposing Semiramis!</small><br></div><div class="spacer battle-history"><br></div><h2 class="battle-history">Turn 8</h2><div class="debug"><div class="chat"><small style="color:#999">[DEBUG] Protosynthesis spe boost.</small></div></div><div class="debug"><div class="chat"><small style="color:#999">[DEBUG] Protosynthesis spe boost.</small></div></div><div class="debug"><div class="chat"><small style="color:#999">[DEBUG] Protosynthesis spe boost.</small></div></div><div class="debug"><div class="chat"><small style="color:#999">[DEBUG] Protosynthesis spe boost.</small></div></div><div class="spacer battle-history"><br></div><div class="battle-history">Walking Wake used <strong>Draco Meteor</strong>!<br></div><div class="battle-history"><small>The opposing Semiramis avoided the attack!</small><br></div><div class="debug"><div class="chat"><small style="color:#999">[DEBUG] Protosynthesis spe boost.</small></div></div><div class="spacer battle-history"><br></div><div class="battle-history">The opposing Semiramis used <strong>Draco Meteor</strong>!<br></div><div class="battle-history"><small>It's super effective!</small><br></div><div class="battle-history"><small>(Walking Wake lost <abbr title="−184/342">53.8%</abbr> of its health!)</small><br></div><div class="battle-history"><small>The opposing Semiramis's Sp. Atk fell harshly!</small><br></div><div class="spacer battle-history"><br></div><div class="battle-history">Walking Wake fainted!<br></div><div class="spacer battle-history"><br></div><div class="battle-history"><small>(The sunlight is strong.)</small><br></div><div class="spacer battle-history"><br></div><div class="battle-history">Go! <strong>Chien-Pao</strong>!<br></div><div class="battle-history">[Chien-Pao's Sword of Ruin]<br><small>Chien-Pao's Sword of Ruin weakened the Defense of all surrounding Pokémon!</small><br></div><div class="spacer battle-history"><br></div><h2 class="battle-history">Turn 9</h2><div class="spacer battle-history"><br></div><div class="battle-history">CamelotDragonite withdrew Semiramis!<br></div><div class="battle-history">CamelotDragonite sent out Quetzalcoatl (<strong>Quaquaval</strong>)!<br></div><div class="battle-history"><small>Pointed stones dug into the opposing Quetzalcoatl!</small><br></div><div class="spacer battle-history"><br></div><div class="battle-history">Chien-Pao used <strong>Ice Spinner</strong>!<br></div><div class="debug"><div class="chat"><small style="color:#999">[DEBUG] Sword of Ruin Def drop.</small></div></div><div class="battle-history"><small>It's not very effective...</small><br></div><div class="battle-history"><small>(The opposing Quetzalcoatl lost <abbr title="−97/347">28.0%</abbr> of its health!)</small><br></div><div class="spacer battle-history"><br></div><div class="battle-history"><small>The harsh sunlight faded.</small><br></div><div class="battle-history"><small>The opposing Quetzalcoatl restored a little HP using its Leftovers!</small><br></div><div class="spacer battle-history"><br></div><h2 class="battle-history">Turn 10</h2><div class="spacer battle-history"><br></div><div class="battle-history">Chien-Pao, come back!<br></div><div class="battle-history">Go! <strong>Scream Tail</strong>!<br></div><div class="spacer battle-history"><br></div><div class="battle-history">The opposing Quetzalcoatl used <strong>Aqua Step</strong>!<br></div><div class="battle-history"><small>(Scream Tail lost <abbr title="−133/415">32.0%</abbr> of its health!)</small><br></div><div class="battle-history"><small>The opposing Quetzalcoatl's Speed rose!</small><br></div><div class="spacer battle-history"><br></div><div class="battle-history"><small>The opposing Quetzalcoatl restored a little HP using its Leftovers!</small><br></div><div class="spacer battle-history"><br></div><h2 class="battle-history">Turn 11</h2><div class="spacer battle-history"><br></div><div class="battle-history">CamelotDragonite withdrew Quetzalcoatl!<br></div><div class="battle-history">CamelotDragonite sent out Semiramis (<strong>Dragalge</strong>)!<br></div><div class="battle-history"><small>Pointed stones dug into the opposing Semiramis!</small><br></div><div class="spacer battle-history"><br></div><div class="battle-history">Scream Tail used <strong>Dazzling Gleam</strong>!<br></div><div class="battle-history"><small>A critical hit!</small><br></div><div class="battle-history"><small>(The opposing Semiramis lost <abbr title="−57/334">17.1%</abbr> of its health!)</small><br></div><div class="spacer battle-history"><br></div><h2 class="battle-history">Turn 12</h2><div class="spacer battle-history"><br></div><div class="battle-history">Scream Tail, come back!<br></div><div class="battle-history">Go! <strong>Torkoal</strong>!<br></div><div class="battle-history">[Torkoal's Drought]<br><small>The sunlight turned harsh!</small><br></div><div class="spacer battle-history"><br></div><div class="battle-history">The opposing Semiramis used <strong>Flip Turn</strong>!<br></div><div class="debug"><div class="chat"><small style="color:#999">[DEBUG] Sunny Day water suppress.</small></div></div><div class="battle-history"><small>It's super effective!</small><br></div><div class="battle-history"><small>(Torkoal lost <abbr title="−18/344">5.2%</abbr> of its health!)</small><br></div><div class="spacer battle-history"><br></div><div class="battle-history">The opposing Semiramis went back to CamelotDragonite!<br></div><div class="battle-history">CamelotDragonite sent out Caren (Amor) (<strong>Enamorus</strong>)!<br></div><div class="battle-history"><small>Pointed stones dug into the opposing Caren (Amor)!</small><br></div><div class="spacer battle-history"><br></div><div class="battle-history"><small>(The sunlight is strong.)</small><br></div><div class="spacer battle-history"><br></div><h2 class="battle-history">Turn 13</h2><div class="spacer battle-history"><br></div><div class="battle-history">Torkoal, come back!<br></div><div class="battle-history">Go! <strong>Scream Tail</strong>!<br></div><div class="battle-history">[Scream Tail's Protosynthesis]<br><small>The harsh sunlight activated Scream Tail's Protosynthesis!</small><br></div><div class="battle-history"><small>Scream Tail's Sp. Def was heightened!</small><br></div><div class="spacer battle-history"><br></div><div class="battle-history">The opposing Caren (Amor) used <strong>Earth Power</strong>!<br></div><div class="debug"><div class="chat"><small style="color:#999">[DEBUG] Protosynthesis spd boost.</small></div></div><div class="battle-history"><small>(Scream Tail lost <abbr title="−58/415">14.0%</abbr> of its health!)</small><br></div><div class="spacer battle-history"><br></div><div class="battle-history"><small>(The sunlight is strong.)</small><br></div><div class="spacer battle-history"><br></div><h2 class="battle-history">Turn 14</h2><div class="spacer battle-history"><br></div><div class="battle-history">CamelotDragonite withdrew Caren (Amor)!<br></div><div class="battle-history">CamelotDragonite sent out Astolfo (<strong>Quagsire</strong>)!<br></div><div class="battle-history"><small>Pointed stones dug into the opposing Astolfo!</small><br></div><div class="spacer battle-history"><br></div><div class="battle-history">Scream Tail used <strong>Wish</strong>!<br></div><div class="spacer battle-history"><br></div><div class="battle-history"><small>(The sunlight is strong.)</small><br></div><div class="battle-history"><small>The opposing Astolfo restored a little HP using its Leftovers!</small><br></div><div class="spacer battle-history"><br></div><h2 class="battle-history">Turn 15</h2><div class="spacer battle-history"><br></div><div class="battle-history">Scream Tail, come back!<br></div><div class="battle-history">Go! <strong>Sandy Shocks</strong>!<br></div><div class="battle-history">[Sandy Shocks's Protosynthesis]<br><small>The harsh sunlight activated Sandy Shocks's Protosynthesis!</small><br></div><div class="battle-history"><small>Sandy Shocks's Speed was heightened!</small><br></div><div class="debug"><div class="chat"><small style="color:#999">[DEBUG] Protosynthesis spe boost.</small></div></div><div class="spacer battle-history"><br></div><div class="battle-history">The opposing Astolfo used <strong>Toxic</strong>!<br></div><div class="battle-history"><small>Sandy Shocks was badly poisoned!</small><br></div><div class="debug"><div class="chat"><small style="color:#999">[DEBUG] Protosynthesis spe boost.</small></div></div><div class="spacer battle-history"><br></div><div class="battle-history"><small>(The sunlight is strong.)</small><br></div><div class="battle-history"><small>The opposing Astolfo restored a little HP using its Leftovers!</small><br></div><div class="battle-history"><small>Sandy Shocks was hurt by poison!</small><br></div><div class="spacer battle-history"><br></div><h2 class="battle-history">Turn 16</h2><div class="debug"><div class="chat"><small style="color:#999">[DEBUG] Protosynthesis spe boost.</small></div></div><div class="debug"><div class="chat"><small style="color:#999">[DEBUG] Protosynthesis spe boost.</small></div></div><div class="debug"><div class="chat"><small style="color:#999">[DEBUG] Protosynthesis spe boost.</small></div></div><div class="spacer battle-history"><br></div><div class="battle-history"><small>Sandy Shocks has Terastallized into the Grass-type!</small><br></div><div class="debug"><div class="chat"><small style="color:#999">[DEBUG] Protosynthesis spe boost.</small></div></div><div class="debug"><div class="chat"><small style="color:#999">[DEBUG] Protosynthesis spe boost.</small></div></div><div class="spacer battle-history"><br></div><div class="battle-history">Sandy Shocks used <strong>Tera Blast</strong>!<br></div><div class="battle-history"><small>It's super effective!</small><br></div><div class="battle-history"><small>(The opposing Astolfo lost <abbr title="−394/394">100%</abbr> of its health!)</small><br></div><div class="spacer battle-history"><br></div><div class="battle-history">The opposing Astolfo fainted!<br></div><div class="battle-history"><small>Sandy Shocks lost some of its HP!</small><br></div><div class="debug"><div class="chat"><small style="color:#999">[DEBUG] Protosynthesis spe boost.</small></div></div><div class="debug"><div class="chat"><small style="color:#999">[DEBUG] Protosynthesis spe boost.</small></div></div><div class="spacer battle-history"><br></div><div class="battle-history"><small>(The sunlight is strong.)</small><br></div><div class="battle-history"><small>Sandy Shocks was hurt by poison!</small><br></div><div class="chat chatmessage-kingflames mine"><strong style="color:#3ca87b"><small>☆</small><span class="username" data-name="KingFlames">KingFlames</span>:</strong> <em>.</em></div><div class="debug"><div class="chat"><small style="color:#999">[DEBUG] Protosynthesis spe boost.</small></div></div><div class="spacer battle-history"><br></div><div class="battle-history">CamelotDragonite sent out Caren (Amor) (<strong>Enamorus</strong>)!<br></div><div class="battle-history"><small>Pointed stones dug into the opposing Caren (Amor)!</small><br></div><div class="spacer battle-history"><br></div><h2 class="battle-history">Turn 17</h2><div class="debug"><div class="chat"><small style="color:#999">[DEBUG] Protosynthesis spe boost.</small></div></div><div class="debug"><div class="chat"><small style="color:#999">[DEBUG] Protosynthesis spe boost.</small></div></div><div class="spacer battle-history"><br></div><div class="battle-history">Sandy Shocks, come back!<br></div><div class="battle-history">Go! <strong>Scream Tail</strong>!<br></div><div class="battle-history">[Scream Tail's Protosynthesis]<br><small>The harsh sunlight activated Scream Tail's Protosynthesis!</small><br></div><div class="battle-history"><small>Scream Tail's Sp. Def was heightened!</small><br></div><div class="spacer battle-history"><br></div><div class="battle-history">The opposing Caren (Amor) used <strong>Moonblast</strong>!<br></div><div class="debug"><div class="chat"><small style="color:#999">[DEBUG] Protosynthesis spd boost.</small></div></div><div class="battle-history"><small>(Scream Tail lost <abbr title="−94/415">22.7%</abbr> of its health!)</small><br></div><div class="spacer battle-history"><br></div><div class="battle-history"><small>(The sunlight is strong.)</small><br></div><div class="spacer battle-history"><br></div><h2 class="battle-history">Turn 18</h2><div class="spacer battle-history"><br></div><div class="battle-history">The opposing Caren (Amor) used <strong>Moonblast</strong>!<br></div><div class="debug"><div class="chat"><small style="color:#999">[DEBUG] Protosynthesis spd boost.</small></div></div><div class="battle-history"><small>(Scream Tail lost <abbr title="−94/415">22.7%</abbr> of its health!)</small><br></div><div class="spacer battle-history"><br></div><div class="battle-history">Scream Tail used <strong>Ice Beam</strong>!<br></div><div class="battle-history"><small>It's super effective!</small><br></div><div class="battle-history"><small>(The opposing Caren (Amor) lost <abbr title="−142/289">49.1%</abbr> of its health!)</small><br></div><div class="spacer battle-history"><br></div><div class="battle-history"><small>(The sunlight is strong.)</small><br></div><div class="spacer battle-history"><br></div><h2 class="battle-history">Turn 19</h2><div class="spacer battle-history"><br></div><div class="battle-history">The opposing Caren (Amor) used <strong>Moonblast</strong>!<br></div><div class="debug"><div class="chat"><small style="color:#999">[DEBUG] Protosynthesis spd boost.</small></div></div><div class="battle-history"><small>(Scream Tail lost <abbr title="−36/415">8.7%</abbr> of its health!)</small><br></div><div class="spacer battle-history"><br></div><div class="battle-history">Scream Tail fainted!<br></div><div class="spacer battle-history"><br></div><div class="battle-history"><small>The harsh sunlight faded.</small><br></div><div class="spacer battle-history"><br></div><div class="battle-history">Go! Lopunny (<strong>Lopunny-Mega</strong>)!<br></div><div class="spacer battle-history"><br></div><h2 class="battle-history">Turn 20</h2><div class="spacer battle-history"><br></div><div class="battle-history">Lopunny used <strong>Fake Out</strong>!<br></div><div class="battle-history"><small>(The opposing Caren (Amor) lost <abbr title="−3/289">1.0%</abbr> of its health!)</small><br></div><div class="debug"><div class="chat"><small style="color:#999">[DEBUG] move failed because it did nothing.</small></div></div><div class="spacer battle-history"><br></div><div class="battle-history">The opposing Caren (Amor) fainted!<br></div><div class="spacer battle-history"><br></div><div class="battle-history">CamelotDragonite sent out Quetzalcoatl (<strong>Quaquaval</strong>)!<br></div><div class="battle-history"><small>Pointed stones dug into the opposing Quetzalcoatl!</small><br></div><div class="spacer battle-history"><br></div><h2 class="battle-history">Turn 21</h2><div class="spacer battle-history"><br></div><div class="battle-history">Lopunny, come back!<br></div><div class="battle-history">Go! <strong>Torkoal</strong>!<br></div><div class="battle-history">[Torkoal's Drought]<br><small>The sunlight turned harsh!</small><br></div><div class="spacer battle-history"><br></div><div class="battle-history">The opposing Quetzalcoatl used <strong>Aqua Step</strong>!<br></div><div class="debug"><div class="chat"><small style="color:#999">[DEBUG] Sunny Day water suppress.</small></div></div><div class="battle-history"><small>It's super effective!</small><br></div><div class="battle-history"><small>(Torkoal lost <abbr title="−72/344">20.9%</abbr> of its health!)</small><br></div><div class="battle-history"><small>The opposing Quetzalcoatl's Speed rose!</small><br></div><div class="spacer battle-history"><br></div><div class="battle-history"><small>(The sunlight is strong.)</small><br></div><div class="battle-history"><small>The opposing Quetzalcoatl restored a little HP using its Leftovers!</small><br></div><div class="spacer battle-history"><br></div><h2 class="battle-history">Turn 22</h2><div class="spacer battle-history"><br></div><div class="battle-history">The opposing Quetzalcoatl used <strong>Aqua Step</strong>!<br></div><div class="debug"><div class="chat"><small style="color:#999">[DEBUG] Sunny Day water suppress.</small></div></div><div class="battle-history"><small>It's super effective!</small><br></div><div class="battle-history"><small>(Torkoal lost <abbr title="−66/344">19.2%</abbr> of its health!)</small><br></div><div class="battle-history"><small>The opposing Quetzalcoatl's Speed rose!</small><br></div><div class="spacer battle-history"><br></div><div class="battle-history">Torkoal used <strong>Will-O-Wisp</strong>!<br></div><div class="battle-history"><small>The opposing Quetzalcoatl was burned!</small><br></div><div class="spacer battle-history"><br></div><div class="battle-history"><small>(The sunlight is strong.)</small><br></div><div class="battle-history"><small>The opposing Quetzalcoatl restored a little HP using its Leftovers!</small><br></div><div class="battle-history"><small>The opposing Quetzalcoatl was hurt by its burn!</small><br></div><div class="spacer battle-history"><br></div><h2 class="battle-history">Turn 23</h2><div class="spacer battle-history"><br></div><div class="battle-history">The opposing Quetzalcoatl used <strong>Aqua Step</strong>!<br></div><div class="debug"><div class="chat"><small style="color:#999">[DEBUG] Sunny Day water suppress.</small></div></div><div class="battle-history"><small>It's super effective!</small><br></div><div class="battle-history"><small>(Torkoal lost <abbr title="−39/344">11.3%</abbr> of its health!)</small><br></div><div class="battle-history"><small>The opposing Quetzalcoatl's Speed rose!</small><br></div><div class="spacer battle-history"><br></div><div class="battle-history">Torkoal used <strong>Lava Plume</strong>!<br></div><div class="debug"><div class="chat"><small style="color:#999">[DEBUG] Sunny Day fire boost.</small></div></div><div class="battle-history"><small>It's not very effective...</small><br></div><div class="battle-history"><small>(The opposing Quetzalcoatl lost <abbr title="−83/347">23.9%</abbr> of its health!)</small><br></div><div class="spacer battle-history"><br></div><div class="battle-history"><small>(The sunlight is strong.)</small><br></div><div class="battle-history"><small>The opposing Quetzalcoatl restored a little HP using its Leftovers!</small><br></div><div class="battle-history"><small>The opposing Quetzalcoatl was hurt by its burn!</small><br></div><div class="spacer battle-history"><br></div><h2 class="battle-history">Turn 24</h2><div class="spacer battle-history"><br></div><div class="battle-history">The opposing Quetzalcoatl used <strong>Roost</strong>!<br></div><div class="battle-history"><small>The opposing Quetzalcoatl had its HP restored.</small><br></div><div class="spacer battle-history"><br></div><div class="battle-history">Torkoal used <strong>Lava Plume</strong>!<br></div><div class="debug"><div class="chat"><small style="color:#999">[DEBUG] Sunny Day fire boost.</small></div></div><div class="battle-history"><small>It's not very effective...</small><br></div><div class="battle-history"><small>(The opposing Quetzalcoatl lost <abbr title="−77/347">22.2%</abbr> of its health!)</small><br></div><div class="spacer battle-history"><br></div><div class="battle-history"><small>(The sunlight is strong.)</small><br></div><div class="battle-history"><small>The opposing Quetzalcoatl restored a little HP using its Leftovers!</small><br></div><div class="battle-history"><small>The opposing Quetzalcoatl was hurt by its burn!</small><br></div><div class="spacer battle-history"><br></div><h2 class="battle-history">Turn 25</h2><div class="spacer battle-history"><br></div><div class="battle-history">Torkoal, come back!<br></div><div class="battle-history">Go! <strong>Sandy Shocks</strong>!<br></div><div class="battle-history">[Sandy Shocks's Protosynthesis]<br><small>The harsh sunlight activated Sandy Shocks's Protosynthesis!</small><br></div><div class="battle-history"><small>Sandy Shocks's Speed was heightened!</small><br></div><div class="debug"><div class="chat"><small style="color:#999">[DEBUG] Protosynthesis spe boost.</small></div></div><div class="spacer battle-history"><br></div><div class="battle-history">The opposing Quetzalcoatl used <strong>Ice Spinner</strong>!<br></div><div class="battle-history"><small>It's super effective!</small><br></div><div class="battle-history"><small>(Sandy Shocks lost <abbr title="−84/311">27.0%</abbr> of its health!)</small><br></div><div class="debug"><div class="chat"><small style="color:#999">[DEBUG] Protosynthesis spe boost.</small></div></div><div class="spacer battle-history"><br></div><div class="battle-history"><small>(The sunlight is strong.)</small><br></div><div class="battle-history"><small>The opposing Quetzalcoatl restored a little HP using its Leftovers!</small><br></div><div class="battle-history"><small>Sandy Shocks was hurt by poison!</small><br></div><div class="battle-history"><small>The opposing Quetzalcoatl was hurt by its burn!</small><br></div><div class="spacer battle-history"><br></div><h2 class="battle-history">Turn 26</h2><div class="debug"><div class="chat"><small style="color:#999">[DEBUG] Protosynthesis spe boost.</small></div></div><div class="debug"><div class="chat"><small style="color:#999">[DEBUG] Protosynthesis spe boost.</small></div></div><div class="spacer battle-history"><br></div><div class="battle-history">CamelotDragonite withdrew Quetzalcoatl!<br></div><div class="battle-history">CamelotDragonite sent out Tesla (<strong>Kilowattrel</strong>)!<br></div><div class="battle-history"><small>Pointed stones dug into the opposing Tesla!</small><br></div><div class="debug"><div class="chat"><small style="color:#999">[DEBUG] Protosynthesis spe boost.</small></div></div><div class="debug"><div class="chat"><small style="color:#999">[DEBUG] Protosynthesis spe boost.</small></div></div><div class="spacer battle-history"><br></div><div class="battle-history">Sandy Shocks used <strong>Tera Blast</strong>!<br></div><div class="battle-history"><small>It's not very effective...</small><br></div><div class="battle-history"><small>(The opposing Tesla lost <abbr title="−136/281">48.4%</abbr> of its health!)</small><br></div><div class="battle-history"><small>Sandy Shocks lost some of its HP!</small><br></div><div class="debug"><div class="chat"><small style="color:#999">[DEBUG] Protosynthesis spe boost.</small></div></div><div class="spacer battle-history"><br></div><div class="battle-history"><small>(The sunlight is strong.)</small><br></div><div class="battle-history"><small>Sandy Shocks was hurt by poison!</small><br></div><div class="spacer battle-history"><br></div><h2 class="battle-history">Turn 27</h2><div class="debug"><div class="chat"><small style="color:#999">[DEBUG] Protosynthesis spe boost.</small></div></div><div class="debug"><div class="chat"><small style="color:#999">[DEBUG] Protosynthesis spe boost.</small></div></div><div class="spacer battle-history"><br></div><div class="battle-history"><small>The opposing Tesla has Terastallized into the Water-type!</small><br></div><div class="debug"><div class="chat"><small style="color:#999">[DEBUG] Protosynthesis spe boost.</small></div></div><div class="debug"><div class="chat"><small style="color:#999">[DEBUG] Protosynthesis spe boost.</small></div></div><div class="spacer battle-history"><br></div><div class="battle-history">The opposing Tesla used <strong>Volt Switch</strong>!<br></div><div class="battle-history"><small>It's not very effective...</small><br></div><div class="battle-history"><small>(Sandy Shocks lost <abbr title="−51/311">16.4%</abbr> of its health!)</small><br></div><div class="spacer battle-history"><br></div><div class="battle-history">Sandy Shocks fainted!<br></div><div class="spacer battle-history"><br></div><div class="battle-history">The opposing Tesla went back to CamelotDragonite!<br></div><div class="battle-history">CamelotDragonite sent out Semiramis (<strong>Dragalge</strong>)!<br></div><div class="battle-history"><small>Pointed stones dug into the opposing Semiramis!</small><br></div><div class="spacer battle-history"><br></div><div class="battle-history"><small>(The sunlight is strong.)</small><br></div><div class="spacer battle-history"><br></div><div class="battle-history">Go! <strong>Chien-Pao</strong>!<br></div><div class="battle-history">[Chien-Pao's Sword of Ruin]<br><small>Chien-Pao's Sword of Ruin weakened the Defense of all surrounding Pokémon!</small><br></div><div class="spacer battle-history"><br></div><h2 class="battle-history">Turn 28</h2><div class="spacer battle-history"><br></div><div class="battle-history">Chien-Pao used <strong>Ice Spinner</strong>!<br></div><div class="debug"><div class="chat"><small style="color:#999">[DEBUG] Sword of Ruin Def drop.</small></div></div><div class="battle-history"><small>It's super effective!</small><br></div><div class="battle-history"><small>(The opposing Semiramis lost <abbr title="−154/334">46.1%</abbr> of its health!)</small><br></div><div class="spacer battle-history"><br></div><div class="battle-history">The opposing Semiramis fainted!<br></div><div class="spacer battle-history"><br></div><div class="battle-history"><small>The harsh sunlight faded.</small><br></div><div class="spacer battle-history"><br></div><div class="battle-history">CamelotDragonite sent out Quetzalcoatl (<strong>Quaquaval</strong>)!<br></div><div class="battle-history"><small>Pointed stones dug into the opposing Quetzalcoatl!</small><br></div><div class="spacer battle-history"><br></div><h2 class="battle-history">Turn 29</h2><div class="spacer battle-history"><br></div><div class="battle-history">Chien-Pao used <strong>Psychic Fangs</strong>!<br></div><div class="debug"><div class="chat"><small style="color:#999">[DEBUG] Sword of Ruin Def drop.</small></div></div><div class="battle-history"><small>It's super effective!</small><br></div><div class="battle-history"><small>(The opposing Quetzalcoatl lost <abbr title="−249/347">71.8%</abbr> of its health!)</small><br></div><div class="spacer battle-history"><br></div><div class="battle-history">The opposing Quetzalcoatl fainted!<br></div><div class="spacer battle-history"><br></div><div class="battle-history">CamelotDragonite sent out Tesla (<strong>Kilowattrel</strong>)!<br></div><div class="battle-history"><small>Pointed stones dug into the opposing Tesla!</small><br></div><div class="spacer battle-history"><br></div><h2 class="battle-history">Turn 30</h2><div class="chat chatmessage-camelotdragonite"><strong style="color:#34a71a"><small>☆</small><span class="username" data-name="CamelotDragonite">CamelotDragonite</span>:</strong> <em>gg</em></div><div class="chat chatmessage-kingflames mine"><strong style="color:#3ca87b"><small>☆</small><span class="username" data-name="KingFlames">KingFlames</span>:</strong> <em>gg</em></div><div class="spacer battle-history"><br></div><div class="battle-history">Chien-Pao used <strong>Ice Shard</strong>!<br></div><div class="debug"><div class="chat"><small style="color:#999">[DEBUG] Sword of Ruin Def drop.</small></div></div><div class="battle-history"><small>It's not very effective...</small><br></div><div class="battle-history"><small>(The opposing Tesla lost <abbr title="−40/281">14.2%</abbr> of its health!)</small><br></div><div class="spacer battle-history"><br></div><div class="battle-history">The opposing Tesla fainted!<br></div><div class="spacer battle-history"><br></div><div class="battle-history"><strong>KingFlames</strong> won the battle!<br></div></div><div class="inner-preempt message-log"></div></div></div>
</div>
<script>
let daily = Math.floor(Date.now()/1000/60/60/24);document.write('<script src="https://play.pokemonshowdown.com/js/replay-embed.js?version'+daily+'"></'+'script>');
</script>
