<!DOCTYPE html>
<meta charset="utf-8" />
<!-- version 1 -->
<title>[Gen 9] Draft replay: wedothishi vs. kingflames</title>
<style>
html,body {font-family:Verdana, sans-serif;font-size:10pt;margin:0;padding:0;}body{padding:12px 0;} .battle-log {font-family:Verdana, sans-serif;font-size:10pt;} .battle-log-inline {border:1px solid #AAAAAA;background:#EEF2F5;color:black;max-width:640px;margin:0 auto 80px;padding-bottom:5px;} .battle-log .inner {padding:4px 8px 0px 8px;} .battle-log .inner-preempt {padding:0 8px 4px 8px;} .battle-log .inner-after {margin-top:0.5em;} .battle-log h2 {margin:0.5em -8px;padding:4px 8px;border:1px solid #AAAAAA;background:#E0E7EA;border-left:0;border-right:0;font-family:Verdana, sans-serif;font-size:13pt;} .battle-log .chat {vertical-align:middle;padding:3px 0 3px 0;font-size:8pt;} .battle-log .chat strong {color:#40576A;} .battle-log .chat em {padding:1px 4px 1px 3px;color:#000000;font-style:normal;} .chat.mine {background:rgba(0,0,0,0.05);margin-left:-8px;margin-right:-8px;padding-left:8px;padding-right:8px;} .spoiler {color:#BBBBBB;background:#BBBBBB;padding:0px 3px;} .spoiler:hover, .spoiler:active, .spoiler-shown {color:#000000;background:#E2E2E2;padding:0px 3px;} .spoiler a {color:#BBBBBB;} .spoiler:hover a, .spoiler:active a, .spoiler-shown a {color:#2288CC;} .chat code, .chat .spoiler:hover code, .chat .spoiler:active code, .chat .spoiler-shown code {border:1px solid #C0C0C0;background:#EEEEEE;color:black;padding:0 2px;} .chat .spoiler code {border:1px solid #CCCCCC;background:#CCCCCC;color:#CCCCCC;} .battle-log .rated {padding:3px 4px;} .battle-log .rated strong {color:white;background:#89A;padding:1px 4px;border-radius:4px;} .spacer {margin-top:0.5em;} .message-announce {background:#6688AA;color:white;padding:1px 4px 2px;} .message-announce a, .broadcast-green a, .broadcast-blue a, .broadcast-red a {color:#DDEEFF;} .broadcast-green {background-color:#559955;color:white;padding:2px 4px;} .broadcast-blue {background-color:#6688AA;color:white;padding:2px 4px;} .infobox {border:1px solid #6688AA;padding:2px 4px;} .infobox-limited {max-height:200px;overflow:auto;overflow-x:hidden;} .broadcast-red {background-color:#AA5544;color:white;padding:2px 4px;} .message-learn-canlearn {font-weight:bold;color:#228822;text-decoration:underline;} .message-learn-cannotlearn {font-weight:bold;color:#CC2222;text-decoration:underline;} .message-effect-weak {font-weight:bold;color:#CC2222;} .message-effect-resist {font-weight:bold;color:#6688AA;} .message-effect-immune {font-weight:bold;color:#666666;} .message-learn-list {margin-top:0;margin-bottom:0;} .message-throttle-notice, .message-error {color:#992222;} .message-overflow, .chat small.message-overflow {font-size:0pt;} .message-overflow::before {font-size:9pt;content:'...';} .subtle {color:#3A4A66;}
</style>
<div class="wrapper replay-wrapper" style="max-width:1180px;margin:0 auto">
<input type="hidden" name="replayid" value="radicalred-gen9draft-595170-p1sqrwfh6ovqtmtqddj0iw59fq8oov4pw" />
<div class="battle"></div><div class="battle-log"></div><div class="replay-controls"></div><div class="replay-controls-2"></div>
<h1 style="font-weight:normal;text-align:center"><strong>[Gen 9] Draft</strong><br /><a href="http://pokemonshowdown.com/users/wedothishi" class="subtle" target="_blank">wedothishi</a> vs. <a href="http://pokemonshowdown.com/users/kingflames" class="subtle" target="_blank">kingflames</a></h1>
<script type="text/plain" class="battle-log-data">|j|☆wedothishi
|j|☆kingflames

|t:|1710894409
|gametype|singles
|player|p1|wedothishi|265|
|player|p2|kingflames|rr-kinglermega|
|teamsize|p1|6
|teamsize|p2|6
|gen|9
|tier|[Gen 9] Draft
|rule|Sleep Clause Mod: Limit one foe put to sleep
|rule|OHKO Clause: OHKO moves are banned
|rule|Evasion Moves Clause: Evasion moves are banned
|rule|Endless Battle Clause: Forcing endless battles is banned
|rule|HP Percentage Mod: HP is shown in percentages
|rule|Dynamax Clause: You cannot dynamax
|rule|Z-Move Clause: Z-Moves are banned
|clearpoke
|poke|p1|Wugtrio, M|
|poke|p1|Tapu Koko|
|poke|p1|Iron Bundle|
|poke|p1|Muk-Alola, F|
|poke|p1|Iron Jugulis|
|poke|p1|Iron Treads|
|poke|p2|Kingler, M|
|poke|p2|Ting-Lu|
|poke|p2|Weezing-Galar, F|
|poke|p2|Chandelure, F|
|poke|p2|Floette-Eternal, F|
|poke|p2|Dhelmise-Sevii|
|teampreview
|
|t:|1710894444
|start
|switch|p1a: Muk|Muk-Alola, F|100\/100
|switch|p2a: ç|Ting-Lu|503\/503
|-ability|p2a: ç|Vessel of Ruin
|turn|1
|
|t:|1710894453
|move|p2a: ç|Stealth Rock|p1a: Muk
|-sidestart|p1: wedothishi|move: Stealth Rock
|move|p1a: Muk|Parting Shot|p2a: ç
|-unboost|p2a: ç|atk|1
|-unboost|p2a: ç|spa|1
|
|t:|1710894461
|switch|p1a: Iron Treads|Iron Treads|100\/100|[from] Parting Shot
|-damage|p1a: Iron Treads|98\/100|[from] Stealth Rock
|
|upkeep
|turn|2
|
|t:|1710894465
|move|p1a: Iron Treads|Rapid Spin|p2a: ç
|-damage|p2a: ç|467\/503
|-boost|p1a: Iron Treads|spe|1
|-sideend|p1: wedothishi|Stealth Rock|[from] move: Rapid Spin|[of] p1a: Iron Treads
|move|p2a: ç|Earthquake|p1a: Iron Treads
|-supereffective|p1a: Iron Treads
|-damage|p1a: Iron Treads|58\/100
|
|upkeep
|turn|3
|
|t:|1710894481
|-end|p1a: Iron Treads|Quark Drive|[silent]
|switch|p1a: Iron Bundle|Iron Bundle|100\/100
|-enditem|p1a: Iron Bundle|Booster Energy
|-activate|p1a: Iron Bundle|ability: Quark Drive|[fromitem]
|-start|p1a: Iron Bundle|quarkdrivespe
|move|p2a: ç|Stealth Rock|p1a: Iron Bundle
|-sidestart|p1: wedothishi|move: Stealth Rock
|
|upkeep
|turn|4
|
|t:|1710894488
|switch|p2a: Florges but good|Floette-Eternal, F|351\/351
|move|p1a: Iron Bundle|Flip Turn|p2a: Florges but good
|-damage|p2a: Florges but good|276\/351
|
|t:|1710894494
|-end|p1a: Iron Bundle|Quark Drive|[silent]
|switch|p1a: Iron Treads|Iron Treads|58\/100|[from] Flip Turn
|-damage|p1a: Iron Treads|55\/100|[from] Stealth Rock
|
|upkeep
|turn|5
|
|t:|1710894499
|switch|p2a: Nyarlathotep|Dhelmise-Sevii|363\/363
|move|p1a: Iron Treads|Rapid Spin|p2a: Nyarlathotep
|-damage|p2a: Nyarlathotep|324\/363
|-boost|p1a: Iron Treads|spe|1
|-sideend|p1: wedothishi|Stealth Rock|[from] move: Rapid Spin|[of] p1a: Iron Treads
|
|-heal|p2a: Nyarlathotep|346\/363|[from] item: Leftovers
|upkeep
|turn|6
|
|t:|1710894511
|move|p1a: Iron Treads|Volt Switch|p2a: Nyarlathotep
|-damage|p2a: Nyarlathotep|305\/363
|
|t:|1710894549
|-end|p1a: Iron Treads|Quark Drive|[silent]
|switch|p1a: Iron Bundle|Iron Bundle|100\/100|[from] Volt Switch
|move|p2a: Nyarlathotep|Hydro Pump|p1a: Iron Bundle|[miss]
|-miss|p2a: Nyarlathotep|p1a: Iron Bundle
|
|-heal|p2a: Nyarlathotep|327\/363|[from] item: Leftovers
|upkeep
|turn|7
|
|t:|1710894569
|move|p2a: Nyarlathotep|Protect|p2a: Nyarlathotep
|-singleturn|p2a: Nyarlathotep|Protect
|move|p1a: Iron Bundle|Freeze-Dry|p2a: Nyarlathotep
|-activate|p2a: Nyarlathotep|move: Protect
|
|-heal|p2a: Nyarlathotep|349\/363|[from] item: Leftovers
|upkeep
|turn|8
|
|t:|1710894579
|switch|p2a: Florges but good|Floette-Eternal, F|276\/351
|move|p1a: Iron Bundle|Flip Turn|p2a: Florges but good
|-damage|p2a: Florges but good|198\/351
|
|t:|1710894620
|-end|p1a: Iron Bundle|Quark Drive|[silent]
|switch|p1a: Wugtrio|Wugtrio, M|100\/100|[from] Flip Turn
|
|upkeep
|turn|9
|error|[Unavailable choice] Can't switch: The active Pokémon is trapped
|
|t:|1710894656
|move|p1a: Wugtrio|Triple Dive|p2a: Florges but good
|-damage|p2a: Florges but good|60\/351
|-crit|p2a: Florges but good
|-damage|p2a: Florges but good|0 fnt
|faint|p2a: Florges but good
|-hitcount|p2: Florges but good|2
|
|upkeep
|
|t:|1710894674
|switch|p2a: Krusty|Kingler, M|251\/251
|turn|10
|
|t:|1710894697
|switch|p1a: Iron Treads|Iron Treads|55\/100
|detailschange|p2a: Krusty|Kingler-Mega, M
|-mega|p2a: Krusty|Kingler|Kinglerite
|move|p2a: Krusty|Liquidation|p1a: Iron Treads
|-supereffective|p1a: Iron Treads
|-damage|p1a: Iron Treads|0 fnt
|faint|p1a: Iron Treads
|-end|p1a: Iron Treads|Quark Drive|[silent]
|
|upkeep
|
|t:|1710894712
|switch|p1a: Tapu Koko|Tapu Koko|100\/100
|-fieldstart|move: Electric Terrain|[from] ability: Electric Surge|[of] p1a: Tapu Koko
|turn|11
|
|t:|1710894724
|switch|p2a: Lung cancer|Weezing-Galar, F|330\/330
|-fieldstart|move: Misty Terrain|[from] ability: Misty Surge|[of] p2a: Lung cancer
|move|p1a: Tapu Koko|U-turn|p2a: Lung cancer
|-resisted|p2a: Lung cancer
|-damage|p2a: Lung cancer|318\/330
|
|t:|1710894767
|switch|p1a: Wugtrio|Wugtrio, M|100\/100|[from] U-turn
|
|-heal|p2a: Lung cancer|330\/330|[from] item: Black Sludge
|upkeep
|turn|12
|
|t:|1710894795
|move|p1a: Wugtrio|Earthquake|p2a: Lung cancer
|-supereffective|p2a: Lung cancer
|-damage|p2a: Lung cancer|136\/330
|move|p2a: Lung cancer|Sludge Bomb|p1a: Wugtrio
|-damage|p1a: Wugtrio|46\/100
|
|-heal|p2a: Lung cancer|156\/330|[from] item: Black Sludge
|upkeep
|turn|13
|
|t:|1710894802
|move|p2a: Lung cancer|Protect|p2a: Lung cancer
|-singleturn|p2a: Lung cancer|Protect
|move|p1a: Wugtrio|Earthquake|p2a: Lung cancer
|-activate|p2a: Lung cancer|move: Protect
|
|-heal|p2a: Lung cancer|176\/330|[from] item: Black Sludge
|upkeep
|turn|14
|error|[Unavailable choice] Can't switch: The active Pokémon is trapped
|
|t:|1710894809
|move|p1a: Wugtrio|Earthquake|p2a: Lung cancer
|-supereffective|p2a: Lung cancer
|-damage|p2a: Lung cancer|0 fnt
|faint|p2a: Lung cancer
|
|upkeep
|
|t:|1710894829
|switch|p2a: Krusty|Kingler-Mega, M|251\/251
|turn|15
|c|☆kingflames|i misclicked
|c|☆kingflames|its so over
|error|[Unavailable choice] Can't switch: The active Pokémon is trapped
|c|☆wedothishi|lmao
|c|☆wedothishi|unfort
|
|t:|1710894871
|move|p2a: Krusty|Aqua Jet|p1a: Wugtrio
|-resisted|p1a: Wugtrio
|-crit|p1a: Wugtrio
|-damage|p1a: Wugtrio|0 fnt
|faint|p1a: Wugtrio
|
|-fieldend|Misty Terrain
|upkeep
|
|t:|1710894895
|switch|p1a: Tapu Koko|Tapu Koko|100\/100
|-fieldstart|move: Electric Terrain|[from] ability: Electric Surge|[of] p1a: Tapu Koko
|turn|16
|
|t:|1710894902
|switch|p2a: Nyarlathotep|Dhelmise-Sevii|349\/363
|move|p1a: Tapu Koko|Wild Charge|p2a: Nyarlathotep
|-damage|p2a: Nyarlathotep|210\/363
|-damage|p1a: Tapu Koko|89\/100|[from] Recoil
|
|-heal|p2a: Nyarlathotep|232\/363|[from] item: Leftovers
|upkeep
|turn|17
|
|t:|1710894919
|switch|p1a: Muk|Muk-Alola, F|100\/100
|move|p2a: Nyarlathotep|Hydro Pump|p1a: Muk
|-damage|p1a: Muk|76\/100
|
|-heal|p2a: Nyarlathotep|254\/363|[from] item: Leftovers
|-heal|p1a: Muk|82\/100|[from] item: Black Sludge
|upkeep
|turn|18
|
|t:|1710894935
|move|p2a: Nyarlathotep|Hydro Pump|p1a: Muk
|-crit|p1a: Muk
|-damage|p1a: Muk|48\/100
|move|p1a: Muk|Parting Shot|p2a: Nyarlathotep
|-unboost|p2a: Nyarlathotep|atk|1
|-unboost|p2a: Nyarlathotep|spa|1
|
|t:|1710894957
|switch|p1a: Iron Jugulis|Iron Jugulis|100\/100|[from] Parting Shot
|-activate|p1a: Iron Jugulis|ability: Quark Drive
|-start|p1a: Iron Jugulis|quarkdrivespe
|
|-heal|p2a: Nyarlathotep|276\/363|[from] item: Leftovers
|upkeep
|turn|19
|
|t:|1710895079
|move|p2a: Nyarlathotep|Protect|p2a: Nyarlathotep
|-singleturn|p2a: Nyarlathotep|Protect
|move|p1a: Iron Jugulis|Nasty Plot|p1a: Iron Jugulis
|-boost|p1a: Iron Jugulis|spa|2
|
|-heal|p2a: Nyarlathotep|298\/363|[from] item: Leftovers
|upkeep
|turn|20
|
|t:|1710895089
|move|p1a: Iron Jugulis|Nasty Plot|p1a: Iron Jugulis
|-boost|p1a: Iron Jugulis|spa|2
|move|p2a: Nyarlathotep|Hydro Pump|p1a: Iron Jugulis
|-crit|p1a: Iron Jugulis
|-damage|p1a: Iron Jugulis|28\/100
|
|-heal|p2a: Nyarlathotep|320\/363|[from] item: Leftovers
|upkeep
|turn|21
|c|☆wedothishi|these crits suck 
|
|t:|1710895109
|move|p1a: Iron Jugulis|Aeroblast|p2a: Nyarlathotep
|-supereffective|p2a: Nyarlathotep
|-damage|p2a: Nyarlathotep|0 fnt
|faint|p2a: Nyarlathotep
|
|upkeep
|
|t:|1710895113
|switch|p2a: Krusty|Kingler-Mega, M|251\/251
|turn|22
|
|t:|1710895121
|-end|p1a: Iron Jugulis|Quark Drive|[silent]
|switch|p1a: Iron Bundle|Iron Bundle|100\/100
|-activate|p1a: Iron Bundle|ability: Quark Drive
|-start|p1a: Iron Bundle|quarkdrivespe
|move|p2a: Krusty|Aqua Jet|p1a: Iron Bundle
|-resisted|p1a: Iron Bundle
|-damage|p1a: Iron Bundle|82\/100
|
|upkeep
|turn|23
|
|t:|1710895152
|move|p1a: Iron Bundle|Surf|p2a: Krusty
|-resisted|p2a: Krusty
|-damage|p2a: Krusty|146\/251
|move|p2a: Krusty|Flip Turn|p1a: Iron Bundle
|-resisted|p1a: Iron Bundle
|-damage|p1a: Iron Bundle|55\/100
|
|t:|1710895165
|switch|p2a: Overhates you|Chandelure, F|265\/265|[from] Flip Turn
|
|-fieldend|move: Electric Terrain
|-end|p1a: Iron Bundle|Quark Drive
|upkeep
|turn|24
|
|t:|1710895172
|move|p2a: Overhates you|Flamethrower|p1a: Iron Bundle
|-damage|p1a: Iron Bundle|0 fnt
|faint|p1a: Iron Bundle
|-end|p1a: Iron Bundle|Quark Drive|[silent]
|
|upkeep
|
|t:|1710895179
|switch|p1a: Muk|Muk-Alola, F|48\/100
|turn|25
|
|t:|1710895200
|move|p2a: Overhates you|Flamethrower|p1a: Muk
|-damage|p1a: Muk|20\/100
|move|p1a: Muk|Pursuit|p2a: Overhates you
|-supereffective|p2a: Overhates you
|-damage|p2a: Overhates you|157\/265
|
|-heal|p1a: Muk|26\/100|[from] item: Black Sludge
|upkeep
|turn|26
|
|t:|1710895205
|move|p2a: Overhates you|Flamethrower|p1a: Muk
|-damage|p1a: Muk|0 fnt
|faint|p1a: Muk
|
|upkeep
|
|t:|1710895210
|switch|p1a: Tapu Koko|Tapu Koko|89\/100
|-fieldstart|move: Electric Terrain|[from] ability: Electric Surge|[of] p1a: Tapu Koko
|turn|27
|
|t:|1710895215
|move|p2a: Overhates you|Flamethrower|p1a: Tapu Koko
|-damage|p1a: Tapu Koko|19\/100
|move|p1a: Tapu Koko|U-turn|p2a: Overhates you
|-resisted|p2a: Overhates you
|-damage|p2a: Overhates you|135\/265
|
|t:|1710895218
|switch|p1a: Iron Jugulis|Iron Jugulis|28\/100|[from] U-turn
|-activate|p1a: Iron Jugulis|ability: Quark Drive
|-start|p1a: Iron Jugulis|quarkdrivespe
|
|upkeep
|turn|28
|
|t:|1710895230
|move|p1a: Iron Jugulis|Dark Hole|p2a: Overhates you
|-supereffective|p2a: Overhates you
|-damage|p2a: Overhates you|0 fnt
|faint|p2a: Overhates you
|
|upkeep
|
|t:|1710895233
|switch|p2a: Krusty|Kingler-Mega, M|146\/251
|turn|29
|
|t:|1710895239
|move|p2a: Krusty|Aqua Jet|p1a: Iron Jugulis
|-damage|p1a: Iron Jugulis|0 fnt
|faint|p1a: Iron Jugulis
|-end|p1a: Iron Jugulis|Quark Drive|[silent]
|
|upkeep
|
|t:|1710895241
|switch|p1a: Tapu Koko|Tapu Koko|19\/100
|turn|30
|
|t:|1710895243
|move|p2a: Krusty|Aqua Jet|p1a: Tapu Koko
|-damage|p1a: Tapu Koko|0 fnt
|faint|p1a: Tapu Koko
|
|win|kingflames</script>
</div>
<script>
let daily = Math.floor(Date.now()/1000/60/60/24);document.write('<script src="https://play.radicalred.net/js/replay-embed.js?version'+daily+'"></'+'script>');
</script>
